%some fake citations

@article{LatexProj,
author = {Overleaf},
title = {Core Documentation},
journal = {https://www.latex-project.org/help/documentation/},
volume = {17},
number = {1},
pages = {19â€“35},
year  = {2010},
publisher = {The Latex Project},
doi = {10.1177/1474474009349997}
}

@book{Overleaf,
  title={Documentation},
  publisher={Overleaf},
  year={2017},
  url={https://www.overleaf.com/learn}
}